@misc{domainSquatting,
    author = "Dot Bit Forum",
    title = "Addressing Domain Name Squatting",
    howpublished = "\url{http://dot-bit.org/forum/viewtopic.php?f=5&t=1439}"
}

@misc{okTurtles,
    author = "Greg Slepak",
    title = "DNSNMC + okTurtles",
    howpublished = "\url{http://okturtles.com/other/dnsnmc_okturtles_overview.pdf}",
    year = {2013}
}

@misc{MinimaLT,
    author  = "Daniel J. Bernstein, Tanja Lange, Jon A. Solworth, Xu Zhang, W. Michael Petullo",
    title   = "MinimaLT: Minimal-latency Networking Through Better Security",
     howpublished = "\url{http://cr.yp.to/tcpip/minimalt-20130522.pdf}",
    year    = {2013}
}

@misc{mozillaSSL,
    title = "{M}ozilla {I}ncluded {CA} {C}ertificate {L}ist",
    howpublished = "\url{https://www.mozilla.org/en-US/about/governance/policies/security-group/certs/included/}"
}

@misc{NMCDNSList,
    title = "List of DNSNMC servers",
    author = "The Namecoin Wiki",
    howpublished = "\url{http://dot-bit.org/HowToBrowseBitDomains#List_of_DNS_servers}"
}

@misc{diginotarHack,
    title = "DigiNotar: Iranians, The Real Target",
    year = {2011},
    author = "TrendMicro",
    howpublished = "\url{https://www.mozilla.org/en-US/about/governance/policies/security-group/certs/included/}"
}

@misc{chromiumPins,
    title = "{P}ins source file",
    author = "Chromium Project",
    howpublished = "\url{https://chromium.googlesource.com/chromium/src/net/+/e75188719e9d476f820671ed232baa5d8b215a4b/http/transport_security_state_static.json}"
}

@misc{tackMITM,
    title = "T{A}{C}{K}: {T}{L}{S} key pinning for everyone",
    author = "Nathan Willis",
    howpublished = "\url{http://lwn.net/Articles/499134/}",
    year = 2012
}

@misc{aaronBlog,
    title = "Squaring the Triangle: Secure, Decentralized, Human-Readable Names",
    author = "Aaron Swartz",
    howpublished = "\url{http://www.aaronsw.com/weblog/squarezooko}
}

@misc{zookoTriangleWikipedia,
    title = "Zooko's triangle",
    author = "Wikipedia",
    howpublished = "\url{http://en.wikipedia.org/wiki/Zooko's_triangle}"
}

@misc{bitcoinSpec,
    title = "Protocol Specification",
    author = "The Bitcoin Wiki",
    howpublished = "\url{https://en.bitcoin.it/wiki/protocol_specification}"
}

@misc{hashCash,
    title = "HashCash",
    author = "The Bitcoin Wiki",
    howpublished = "\url{https://en.bitcoin.it/wiki/Hashcash}"
}

@misc{icannabuse,
    title = "ICANN's new rules require contact details",
    howpublished = "\url{https://iwantmyname.com/blog/2014/01/icanns-new-rules-for-domain-registrants-require-you-to-verify-your-contact-details.html}"
}
